<?xml version="1.0" encoding="UTF-8"?><record xmlns="http://www.loc.gov/MARC21/slim" xmlns:cinclude="http://apache.org/cocoon/include/1.0" xmlns:zs="http://www.loc.gov/zing/srw/">
  <leader>01058nz  a2200217n  4500</leader>
  <controlfield tag="001">no2015159999</controlfield>
  <controlfield tag="003">DLC</controlfield>
  <controlfield tag="005">20151203073543.0</controlfield>
  <controlfield tag="008">151202n| azannaabn          |n aaa     c</controlfield>
  <datafield tag="010" ind1=" " ind2=" ">
    <subfield code="a">no2015159999</subfield>
  </datafield>
  <datafield tag="035" ind1=" " ind2=" ">
    <subfield code="a">(OCoLC)oca10334365</subfield>
  </datafield>
  <datafield tag="040" ind1=" " ind2=" ">
    <subfield code="a">ScU</subfield>
    <subfield code="b">eng</subfield>
    <subfield code="e">rda</subfield>
    <subfield code="c">ScU</subfield>
  </datafield>
  <datafield tag="100" ind1="1" ind2=" ">
    <subfield code="a">Qu, Dan</subfield>
  </datafield>
  <datafield tag="372" ind1=" " ind2=" ">
    <subfield code="a">Economics</subfield>
    <subfield code="2">lcsh</subfield>
  </datafield>
  <datafield tag="373" ind1=" " ind2=" ">
    <subfield code="a">University of South Carolina</subfield>
    <subfield code="2">naf</subfield>
  </datafield>
  <datafield tag="373" ind1=" " ind2=" ">
    <subfield code="a">Dongbei shi fan da xue (China)</subfield>
    <subfield code="2">naf</subfield>
  </datafield>
  <datafield tag="374" ind1=" " ind2=" ">
    <subfield code="a">College teachers</subfield>
    <subfield code="2">lcsh</subfield>
  </datafield>
  <datafield tag="375" ind1=" " ind2=" ">
    <subfield code="a">female</subfield>
  </datafield>
  <datafield tag="377" ind1=" " ind2=" ">
    <subfield code="a">eng</subfield>
  </datafield>
  <datafield tag="670" ind1=" " ind2=" ">
    <subfield code="a">Health insurance, pensions, and wages, 2010:</subfield>
    <subfield code="b">t.p. (Dan Qu ; Doctor of Philosophy in Economics, The Darla Moore School of Business, University of South Carolina ; Bachelor of Arts, Northeast Normal University, July 2000 ; Master of Arts, Northeast Normal University, December 2003 ; Master of Arts, University of South Carolina, May 2005)</subfield>
  </datafield>
  <datafield tag="670" ind1=" " ind2=" ">
    <subfield code="a">Rate My Professors webpage, Oct. 14, 2015</subfield>
    <subfield code="b">(Dan QU, Professor in the Economics department, at University of South Carolina, Columbia, SC)</subfield>
    <subfield code="u">http://www.ratemyprofessors.com/ShowRatings.jsp?tid=1209567</subfield>
  </datafield>
</record>